@article{1su2006partial,
  title={A Partial least squares-based consensus regression method for the analysis of near-infrared complex spectral data of plant samples},
  author={Su, Zhenqiang and Tong, Weida and Shi, Leming and Shao, Xueguang and Cai, Wensheng},
  journal={Analytical letters},
  volume={39},
  number={9},
  pages={2073--2083},
  year={2006},
  publisher={Taylor \& Francis}
}

@article{2yun2014strategy,
	title={A strategy that iteratively retains informative variables for selecting optimal variable subset in multivariate calibration},
	author={Yun, Yong-Huan and Wang, Wei-Ting and Tan, Min-Li and Liang, Yi-Zeng and Li, Hong-Dong and Cao, Dong-Sheng and Lu, Hong-Mei and Xu, Qing-Song},
	journal={Analytica chimica acta},
	volume={807},
	pages={36--43},
	year={2014},
	publisher={Elsevier}
}

@article{3galvao2007cross,
	title={Cross-validation for the selection of spectral variables using the successive projections algorithm},
	author={Galv{\~a}o, Roberto Kawakami Harrop and Ara{\'u}jo, M{\'a}rio C{\'e}sar Ugulino and Silva, Edvan Cirino and Jos{\'e}, Gledson Emidio and Soares, S{\'o}facles Figueredo Carreiro and Paiva, Henrique Mohallem},
	journal={Journal of the Brazilian Chemical Society},
	volume={18},
	number={8},
	pages={1580--1584},
	year={2007},
	publisher={SciELO Brasil}
}

@article{4ergon2006reduced,
	title={Reduced PCR/PLSR models by subspace projections},
	author={Ergon, Rolf},
	journal={Chemometrics and intelligent laboratory systems},
	volume={81},
	number={1},
	pages={68--73},
	year={2006},
	publisher={Elsevier}
}

@article{5zheng2012stability,
	title={Stability competitive adaptive reweighted sampling (SCARS) and its applications to multivariate calibration of NIR spectra},
	author={Zheng, Kaiyi and Li, Qingqing and Wang, Jiajun and Geng, Jinpei and Cao, Peng and Sui, Tao and Wang, Xuan and Du, Yiping},
	journal={Chemometrics and Intelligent Laboratory Systems},
	volume={112},
	pages={48--54},
	year={2012},
	publisher={Elsevier}
}

@article{6zheng2015pretreating,
	title={Pretreating near infrared spectra with fractional order Savitzky--Golay differentiation (FOSGD)},
	author={Zheng, Kai-Yi and Zhang, Xuan and Tong, Pei-Jin and Yao, Yuan and Du, Yi-Ping},
	journal={Chinese Chemical Letters},
	volume={26},
	number={3},
	pages={293--296},
	year={2015},
	publisher={Elsevier}
}

@article{7galvao2008variable,
	title={A variable elimination method to improve the parsimony of MLR models using the successive projections algorithm},
	author={Galvao, Roberto Kawakami Harrop and Araujo, Mario Cesar Ugulino and Fragoso, Wallace Duarte and Silva, Edvan Cirino and Jose, Gledson Emidio and Soares, Sofacles Figueredo Carreiro and Paiva, Henrique Mohallem},
	journal={Chemometrics and intelligent laboratory systems},
	volume={92},
	number={1},
	pages={83--91},
	year={2008},
	publisher={Elsevier}
}

@article{8ji2015using,
	title={Using consensus interval partial least square in near infrared spectra analysis},
	author={Ji, Guoli and Huang, Guangzao and Yang, Zijiang and Wu, Xiaohui and Chen, Xiaojing and Yuan, Mingshun},
	journal={Chemometrics and Intelligent Laboratory Systems},
	volume={144},
	pages={56--62},
	year={2015},
	publisher={Elsevier}
}

@article{tatavarti2005assessment,
	title={Assessment of NIR spectroscopy for nondestructive analysis of physical and chemical attributes of sulfamethazine bolus dosage forms},
	author={Tatavarti, Aditya S and Fahmy, Raafat and Wu, Huiquan and Hussain, Ajaz S and Marnane, William and Bensley, Dennis and Hollenbeck, Gary and Hoag, Stephen W},
	journal={aaps Pharmscitech},
	volume={6},
	number={1},
	pages={E91--E99},
	year={2005},
	publisher={Springer}
}

@article{deng2016bootstrapping,
	title={A bootstrapping soft shrinkage approach for variable selection in chemical modeling},
	author={Deng, Bai-Chuan and Yun, Yong-Huan and Cao, Dong-Sheng and Yin, Yu-Long and Wang, Wei-Ting and Lu, Hong-Mei and Luo, Qian-Yi and Liang, Yi-Zeng},
	journal={Analytica chimica acta},
	volume={908},
	pages={63--74},
	year={2016},
	publisher={Elsevier}
}

@article{zhao2015optimization,
	title={Optimization of parameter selection for partial least squares model development},
	author={Zhao, Na and Wu, Zhi-sheng and Zhang, Qiao and Shi, Xin-yuan and Ma, Qun and Qiao, Yan-jiang},
	journal={Scientific reports},
	volume={5},
	pages={11647},
	year={2015},
	publisher={Nature Publishing Group}
}

@article{wold1984collinearity,
	title={The collinearity problem in linear regression. The partial least squares (PLS) approach to generalized inverses},
	author={Wold, Svante and Ruhe, Arnold and Wold, Herman and Dunn, III, WJ},
	journal={SIAM Journal on Scientific and Statistical Computing},
	volume={5},
	number={3},
	pages={735--743},
	year={1984},
	publisher={SIAM}
}